<?xml version="1.0" encoding="UTF-8"?><record xmlns="http://www.loc.gov/MARC21/slim" xmlns:cinclude="http://apache.org/cocoon/include/1.0" xmlns:zs="http://www.loc.gov/zing/srw/">
  <leader>00738cz  a2200157n  4500</leader>
  <controlfield tag="001">n  85812589 </controlfield>
  <controlfield tag="003">DLC</controlfield>
  <controlfield tag="005">20121101074759.0</controlfield>
  <controlfield tag="008">850812n| acannaabn          |n aaa      </controlfield>
  <datafield tag="010" ind1=" " ind2=" ">
    <subfield code="a">n  85812589 </subfield>
  </datafield>
  <datafield tag="035" ind1=" " ind2=" ">
    <subfield code="a">(OCoLC)oca01384487</subfield>
  </datafield>
  <datafield tag="040" ind1=" " ind2=" ">
    <subfield code="a">DLC</subfield>
    <subfield code="b">eng</subfield>
    <subfield code="c">DLC</subfield>
    <subfield code="d">OCoLC</subfield>
    <subfield code="d">DLC</subfield>
  </datafield>
  <datafield tag="100" ind1="1" ind2=" ">
    <subfield code="a">Beysanoğlu, Şevket</subfield>
  </datafield>
  <datafield tag="670" ind1=" " ind2=" ">
    <subfield code="a">nuc85-37989: Author's Diyarbakirim, 1982</subfield>
    <subfield code="b">(hdg. on NjP rept.: Beysanoğlu Şevket; usage: Şevket Beysanoğlu)</subfield>
  </datafield>
  <datafield tag="670" ind1=" " ind2=" ">
    <subfield code="a">LC data base, 8-12-85 (hdg.: Beysanoğlu, Şevket)</subfield>
  </datafield>
  <datafield tag="670" ind1=" " ind2=" ">
    <subfield code="a">Şadillili Vedat. Diyarbakır kültürü, 2011:</subfield>
    <subfield code="b">p. 318, etc. (Şevket Beysanoğlu; b. 1 Aug 1920 in Karacadağ, near Diyarbakır, Eastern Turkey; d. 23 Apr 2003; historian of the region of Diyarbakır; wrote in Turkish)</subfield>
  </datafield>
</record>